@article{pasquill1961estimation,
  author = {Pasquill, F.},
  title = {The estimation of the dispersion of windborne material},
  journal = {Meteorological Magazine},
  year = {1961},
  volume = {90},
  pages = {33--49}
}

@techreport{draxler1997description,
  author = {Draxler, R. R. and Hess, G. D.},
  title = {Description of the HYSPLIT\_4 modeling system},
  institution = {NOAA Air Resources Laboratory},
  year = {1997},
  number = {ERL ARL-224}
}
